%% This BibTeX bibliography file was created using BibDesk.
%% http://bibdesk.sourceforge.net/


%% Created for Michael Frank at 2014-12-02 13:56:54 -0800 


%% Saved with string encoding Unicode (UTF-8) 



@article{qian2012,
	Author = {Qian, Ting and Jaeger, T Florian},
	Date-Added = {2014-12-02 21:56:43 +0000},
	Date-Modified = {2014-12-02 21:56:47 +0000},
	Journal = {Cognitive science},
	Number = {7},
	Pages = {1312--1336},
	Publisher = {Wiley Online Library},
	Title = {Cue effectiveness in communicatively efficient discourse production},
	Volume = {36},
	Year = {2012}}
